{
  "leader": "02295cam a2200517 i 4500",
  "fields": [
    {
      "001": "ocm12720773\\"
    },
    {
      "003": "OCoLC"
    },
    {
      "005": "20221222100636.0"
    },
    {
      "008": "840921s1983\\\\\\\\enka\\\\\\\\\\b\\\\\\\\000\\0beng\\\\"
    },
    {
      "010": {
        "ind1": "\\",
        "ind2": "\\",
        "subfields": [
          {
            "a": "   84218254 "
          }
        ]
      }
    },
    {
      "040": {
        "ind1": "\\",
        "ind2": "\\",
        "subfields": [
          {
            "a": "DLC"
          },
          {
            "b": "eng"
          },
          {
            "e": "rda"
          },
          {
            "c": "DLC"
          },
          {
            "d": "UKM"
          },
          {
            "d": "OAC"
          },
          {
            "d": "OCL"
          },
          {
            "d": "OCLCQ"
          },
          {
            "d": "OCLCG"
          },
          {
            "d": "DEBSZ"
          },
          {
            "d": "GEBAY"
          },
          {
            "d": "BDX"
          },
          {
            "d": "OCLCO"
          },
          {
            "d": "OCLCF"
          },
          {
            "d": "OCLCO"
          },
          {
            "d": "OCLCQ"
          },
          {
            "d": "UEJ"
          },
          {
            "d": "DHA"
          },
          {
            "d": "OCLCQ"
          },
          {
            "d": "OCLCO"
          },
          {
            "d": "TYC"
          },
          {
            "d": "OKX"
          },
          {
            "d": "OCLCQ"
          },
          {
            "d": "OCLCO"
          },
          {
            "d": "UKMGB"
          },
          {
            "d": "UWO"
          },
          {
            "d": "NZ1"
          },
          {
            "d": "OCLCQ"
          },
          {
            "d": "OCLCO"
          },
          {
            "d": "OCL"
          },
          {
            "d": "OCLCO"
          }
        ]
      }
    },
    {
      "016": {
        "ind1": "7",
        "ind2": "\\",
        "subfields": [
          {
            "a": "007436037"
          },
          {
            "2": "Uk"
          }
        ]
      }
    },
    {
      "016": {
        "ind1": "7",
        "ind2": "\\",
        "subfields": [
          {
            "a": "009112694"
          },
          {
            "2": "Uk"
          }
        ]
      }
    },
    {
      "019": {
        "ind1": "\\",
        "ind2": "\\",
        "subfields": [
          {
            "a": "10292688"
          },
          {
            "a": "12459707"
          },
          {
            "a": "973424316"
          },
          {
            "a": "979575080"
          },
          {
            "a": "980012070"
          },
          {
            "a": "993717931"
          },
          {
            "a": "1008396630"
          },
          {
            "a": "1013293816"
          },
          {
            "a": "1034941461"
          }
        ]
      }
    },
    {
      "020": {
        "ind1": "\\",
        "ind2": "\\",
        "subfields": [
          {
            "a": "090605348X"
          },
          {
            "q": "(hardback)"
          }
        ]
      }
    },
    {
      "020": {
        "ind1": "\\",
        "ind2": "\\",
        "subfields": [
          {
            "a": "9780906053485"
          },
          {
            "q": "(hardback)"
          }
        ]
      }
    },
    {
      "035": {
        "ind1": "\\",
        "ind2": "\\",
        "subfields": [
          {
            "a": "(OCoLC)12720773"
          },
          {
            "z": "(OCoLC)10292688"
          },
          {
            "z": "(OCoLC)12459707"
          },
          {
            "z": "(OCoLC)973424316"
          },
          {
            "z": "(OCoLC)979575080"
          },
          {
            "z": "(OCoLC)980012070"
          },
          {
            "z": "(OCoLC)993717931"
          },
          {
            "z": "(OCoLC)1008396630"
          },
          {
            "z": "(OCoLC)1013293816"
          },
          {
            "z": "(OCoLC)1034941461"
          }
        ]
      }
    },
    {
      "043": {
        "ind1": "\\",
        "ind2": "\\",
        "subfields": [
          {
            "a": "e-fr---"
          },
          {
            "a": "e-uk-en"
          }
        ]
      }
    },
    {
      "045": {
        "ind1": "\\",
        "ind2": "\\",
        "subfields": [
          {
            "a": "w8x8"
          }
        ]
      }
    },
    {
      "050": {
        "ind1": "\\",
        "ind2": "0",
        "subfields": [
          {
            "a": "ND553.M46"
          },
          {
            "b": "S56 1983"
          }
        ]
      }
    },
    {
      "082": {
        "ind1": "0",
        "ind2": "4",
        "subfields": [
          {
            "a": "759.4"
          },
          {
            "b": "SIN"
          }
        ]
      }
    },
    {
      "100": {
        "ind1": "1",
        "ind2": "\\",
        "subfields": [
          {
            "a": "Singer, Anne,"
          },
          {
            "d": "1948-"
          }
        ]
      }
    },
    {
      "245": {
        "ind1": "1",
        "ind2": "0",
        "subfields": [
          {
            "a": "Paul Maze :"
          },
          {
            "b": "the lost impressionist /"
          },
          {
            "c": "Anne Singer."
          }
        ]
      }
    },
    {
      "264": {
        "ind1": "\\",
        "ind2": "1",
        "subfields": [
          {
            "a": "London :"
          },
          {
            "b": "Aurum Press,"
          },
          {
            "c": "[1983]"
          }
        ]
      }
    },
    {
      "264": {
        "ind1": "\\",
        "ind2": "2",
        "subfields": [
          {
            "a": "New York :"
          },
          {
            "b": "Distributed in the U.S.A. by Kampmann,"
          },
          {
            "c": "[1983]"
          }
        ]
      }
    },
    {
      "264": {
        "ind1": "\\",
        "ind2": "4",
        "subfields": [
          {
            "c": "\u00a91983"
          }
        ]
      }
    },
    {
      "300": {
        "ind1": "\\",
        "ind2": "\\",
        "subfields": [
          {
            "a": "128 pages :"
          },
          {
            "b": "illustrations (come color) ;"
          },
          {
            "c": "29 cm"
          }
        ]
      }
    },
    {
      "336": {
        "ind1": "\\",
        "ind2": "\\",
        "subfields": [
          {
            "a": "text"
          },
          {
            "b": "txt"
          },
          {
            "2": "rdacontent"
          }
        ]
      }
    },
    {
      "337": {
        "ind1": "\\",
        "ind2": "\\",
        "subfields": [
          {
            "a": "unmediated"
          },
          {
            "b": "n"
          },
          {
            "2": "rdamedia"
          }
        ]
      }
    },
    {
      "338": {
        "ind1": "\\",
        "ind2": "\\",
        "subfields": [
          {
            "a": "volume"
          },
          {
            "b": "nc"
          },
          {
            "2": "rdacarrier"
          }
        ]
      }
    },
    {
      "504": {
        "ind1": "\\",
        "ind2": "\\",
        "subfields": [
          {
            "a": "Includes bibliographical references (page 127)."
          }
        ]
      }
    },
    {
      "540": {
        "ind1": "\\",
        "ind2": "\\",
        "subfields": [
          {
            "a": "British Library not licensed to copy"
          },
          {
            "c": "0."
          },
          {
            "5": "Uk"
          }
        ]
      }
    },
    {
      "600": {
        "ind1": "1",
        "ind2": "0",
        "subfields": [
          {
            "a": "Maze, Paul."
          }
        ]
      }
    },
    {
      "650": {
        "ind1": "\\",
        "ind2": "0",
        "subfields": [
          {
            "a": "Painters"
          },
          {
            "z": "France"
          },
          {
            "v": "Biography."
          }
        ]
      }
    },
    {
      "650": {
        "ind1": "\\",
        "ind2": "0",
        "subfields": [
          {
            "a": "Painters"
          },
          {
            "z": "England"
          },
          {
            "v": "Biography."
          }
        ]
      }
    },
    {
      "650": {
        "ind1": "\\",
        "ind2": "0",
        "subfields": [
          {
            "a": "Impressionism (Art)"
          }
        ]
      }
    },
    {
      "600": {
        "ind1": "1",
        "ind2": "7",
        "subfields": [
          {
            "a": "Maze, Paul."
          },
          {
            "2": "fast"
          },
          {
            "0": "(OCoLC)fst00158022"
          }
        ]
      }
    },
    {
      "650": {
        "ind1": "\\",
        "ind2": "7",
        "subfields": [
          {
            "a": "Impressionism (Art)"
          },
          {
            "2": "fast"
          },
          {
            "0": "(OCoLC)fst00968249"
          }
        ]
      }
    },
    {
      "650": {
        "ind1": "\\",
        "ind2": "7",
        "subfields": [
          {
            "a": "Painters."
          },
          {
            "2": "fast"
          },
          {
            "0": "(OCoLC)fst01050530"
          }
        ]
      }
    },
    {
      "651": {
        "ind1": "\\",
        "ind2": "7",
        "subfields": [
          {
            "a": "England."
          },
          {
            "2": "fast"
          },
          {
            "0": "(OCoLC)fst01219920"
          }
        ]
      }
    },
    {
      "651": {
        "ind1": "\\",
        "ind2": "7",
        "subfields": [
          {
            "a": "France."
          },
          {
            "2": "fast"
          },
          {
            "0": "(OCoLC)fst01204289"
          }
        ]
      }
    },
    {
      "655": {
        "ind1": "\\",
        "ind2": "7",
        "subfields": [
          {
            "a": "Biographies."
          },
          {
            "2": "fast"
          },
          {
            "0": "(OCoLC)fst01919896"
          }
        ]
      }
    },
    {
      "776": {
        "ind1": "0",
        "ind2": "8",
        "subfields": [
          {
            "i": "Online version:"
          },
          {
            "a": "Singer, Anne, 1948-"
          },
          {
            "t": "Paul Maze, the lost impressionist."
          },
          {
            "d": "London : Aurum Press ; New York, N.Y. : Distributed in the U.S.A. by Kampmann, \u00a91983"
          },
          {
            "w": "(OCoLC)691063472"
          }
        ]
      }
    },
    {
      "994": {
        "ind1": "\\",
        "ind2": "\\",
        "subfields": [
          {
            "a": "Z0"
          },
          {
            "b": "NYRVC"
          }
        ]
      }
    },
    {
      "948": {
        "ind1": "\\",
        "ind2": "\\",
        "subfields": [
          {
            "h": "NO HOLDINGS IN NYRVC - 222 OTHER HOLDINGS"
          }
        ]
      }
    },
    {
      "999": {
        "ind1": "\\",
        "ind2": "\\",
        "subfields": [
          {
            "a": "00000000010495"
          }
        ]
      }
    }
  ]
}